@article{crawley2007write,
  title={How to Write a Research Proposal and Succeed},
  author={Crawley, Gerard M and O'Sullivan, Eoin},
  year={2007},
  publisher={World Scientific}
}

@article{puasuareanu2009survey,
  title={A survey of new trends in symbolic execution for software testing and analysis},
  author={P{\u{a}}s{\u{a}}reanu, Corina S and Visser, Willem},
  journal={International journal on software tools for technology transfer},
  volume={11},
  number={4},
  pages={339--353},
  year={2009},
  publisher={Springer}
}

@article{kshetri2017can,
  title={Can Blockchain Strengthen the Internet of Things?},
  author={Kshetri, Nir},
  journal={IT Professional},
  volume={19},
  number={4},
  pages={68--72},
  year={2017},
  publisher={IEEE}
}